<record><leader>00000cas a2200000 a 4500</leader><controlfield tag="001">17220167</controlfield><controlfield tag="008">871211d19871989kyuwr ne      0   a0eng d</controlfield><datafield ind1=" " ind2=" " tag="010"><subfield code="a">sn 87060343 </subfield></datafield><datafield ind1=" " ind2=" " tag="040"><subfield code="a">KNP</subfield><subfield code="b">eng</subfield><subfield code="c">KNP</subfield><subfield code="d">NSD</subfield><subfield code="d">KNP</subfield><subfield code="d">OCL</subfield><subfield code="d">OCLCQ</subfield><subfield code="d">KYUBL</subfield><subfield code="d">OCLCQ</subfield><subfield code="d">OCLCF</subfield><subfield code="d">OCLCO</subfield></datafield><datafield ind1=" " ind2=" " tag="012"><subfield code="m">1</subfield></datafield><datafield ind1="1" ind2=" " tag="022"><subfield code="a">1040-1016</subfield><subfield code="l">1040-1016</subfield><subfield code="2">1</subfield></datafield><datafield ind1="1" ind2=" " tag="029"><subfield code="a">AU@</subfield><subfield code="b">000020507976</subfield></datafield><datafield ind1=" " ind2=" " tag="032"><subfield code="a">002614</subfield><subfield code="b">USPS</subfield></datafield><datafield ind1=" " ind2=" " tag="037"><subfield code="b">Magoffin County Times, Box 875, 100 W. Maple, Salyersville, KY 41465</subfield></datafield><datafield ind1=" " ind2=" " tag="042"><subfield code="a">msc</subfield><subfield code="a">nsdp</subfield></datafield><datafield ind1=" " ind2=" " tag="043"><subfield code="a">n-us-ky</subfield></datafield><datafield ind1=" " ind2="0" tag="222"><subfield code="a">Magoffin County times</subfield></datafield><datafield ind1="0" ind2="0" tag="245"><subfield code="a">Magoffin County times.</subfield></datafield><datafield ind1=" " ind2=" " tag="260"><subfield code="a">Salyersville, Ky. :</subfield><subfield code="b">C. Robinson,</subfield><subfield code="c">1987-1989.</subfield></datafield><datafield ind1=" " ind2=" " tag="300"><subfield code="a">v. :</subfield><subfield code="b">ill.</subfield></datafield><datafield ind1=" " ind2=" " tag="310"><subfield code="a">Weekly</subfield></datafield><datafield ind1="0" ind2=" " tag="362"><subfield code="a">Vol. 1, no. 1 (Oct. 29, 1987)-v. 2, no. 39 (Aug. 17, 1989).</subfield></datafield><datafield ind1=" " ind2=" " tag="588"><subfield code="a">Latest issue consulted: Vol. 1, no. 38 (June 30, 1988).</subfield></datafield><datafield ind1=" " ind2="0" tag="651"><subfield code="a">Salyersville (Ky.)</subfield><subfield code="v">Newspapers.</subfield></datafield><datafield ind1=" " ind2="0" tag="651"><subfield code="a">Magoffin County (Ky.)</subfield><subfield code="v">Newspapers.</subfield></datafield><datafield ind1=" " ind2="7" tag="655"><subfield code="a">Newspapers.</subfield><subfield code="2">fast</subfield><subfield code="0">(OCoLC)fst01423814</subfield></datafield><datafield ind1=" " ind2="7" tag="651"><subfield code="a">Kentucky</subfield><subfield code="z">Magoffin County.</subfield><subfield code="2">fast</subfield><subfield code="0">(OCoLC)fst01233365</subfield></datafield><datafield ind1=" " ind2="7" tag="651"><subfield code="a">Kentucky</subfield><subfield code="z">Salyersville.</subfield><subfield code="2">fast</subfield><subfield code="0">(OCoLC)fst01253128</subfield></datafield><datafield ind1=" " ind2=" " tag="752"><subfield code="a">United States</subfield><subfield code="b">Kentucky</subfield><subfield code="c">Magoffin</subfield><subfield code="d">Salyersville.</subfield></datafield></record>